@article{aulas,
    author = {Luis Rato},
    title = {Aulas de Sistemas Operativos},
    journal ={Universidade de Ã‰vora},
    year = {2022}
}